@book{villani2009optimal,
  title     = {Optimal transport: old and new},
  author    = {Villani, C{\'e}dric},
  volume    = {338},
  year      = {2008},
  publisher = {Springer}
}

@article{lyons2013distance,
  title     = {Distance covariance in metric spaces},
  author    = {Lyons, Russell},
  journal   = {The Annals of Probability},
  volume    = {41},
  number    = {5},
  pages     = {3284--3305},
  year      = {2013},
  publisher = {Institute of Mathematical Statistics}
}
@inproceedings{faraut1974distances,
  title     = {Distances hilbertiennes invariantes sur un espace homogene},
  author    = {Faraut, Jacques and Harzallah, Kh{\'e}lifa},
  booktitle = {Annales de l'institut Fourier},
  volume    = {24},
  pages     = {171--217},
  year      = {1974}
}
@article{schoenberg1938metric,
  title     = {Metric spaces and positive definite functions},
  author    = {Schoenberg, Isaac J},
  journal   = {Transactions of the American Mathematical Society},
  volume    = {44},
  pages     = {522--536},
  year      = {1938},
  publisher = {JSTOR}
}
@inproceedings{andoni2018snowflake,
  title        = {Snowflake universality of Wasserstein spaces},
  author       = {Andoni, Alexandr and Naor, Assaf and Neiman, Ofer},
  booktitle    = {Annales Scientifiques de l'Ecole Normale Superieure},
  volume       = {51},
  pages        = {657--700},
  year         = {2018},
  organization = {Societe Mathematique de France}
}
@article{peyre2019computational,
  title     = {Computational optimal transport: With applications to data science},
  author    = {Peyr{\'e}, Gabriel and Cuturi, Marco},
  journal   = {Foundations and Trends{\textregistered} in Machine Learning},
  volume    = {11},
  number    = {5-6},
  pages     = {355--607},
  year      = {2019},
  publisher = {Now Publishers, Inc.}
}


@book{rockafellar2009variational,
  title     = {Variational analysis},
  author    = {Rockafellar, R Tyrrell and Wets, Roger J-B},
  volume    = {317},
  year      = {2009},
  publisher = {Springer Science \& Business Media}
}

@article{vayer2020contribution,
  title   = {A contribution to Optimal Transport on incomparable spaces},
  author  = {Vayer, Titouan},
  journal = {arXiv preprint arXiv:2011.04447},
  year    = {2020}
}

@article{sturm2006geometry,
  title     = {On the geometry of metric measure spaces},
  author    = {Sturm, Karl-Theodor},
  journal   = {Acta mathematica},
  volume    = {196},
  number    = {1},
  pages     = {65--131},
  year      = {2006},
  publisher = {Institut Mittag-Leffler}
}


@article{DePonti2022EntropyTransportDB,
  title   = {Entropy-Transport distances between unbalanced metric measure spaces},
  author  = {Nicol{\`o} De Ponti and Andrea Mondino},
  journal = {Probability Theory and Related Fields},
  year    = {2022}
}
@article{hu2020open,
  title   = {Open graph benchmark: Datasets for machine learning on graphs},
  author  = {Hu, Weihua and Fey, Matthias and Zitnik, Marinka and Dong, Yuxiao and Ren, Hongyu and Liu, Bowen and Catasta, Michele and Leskovec, Jure},
  journal = {Advances in neural information processing systems},
  volume  = {33},
  pages   = {22118--22133},
  year    = {2020}
}

@inproceedings{AlexBerg,
  author    = {Berg, A.C. and Berg, T.L. and Malik, J.},
  booktitle = {2005 IEEE Computer Society Conference on Computer Vision and Pattern Recognition (CVPR'05)},
  title     = {Shape matching and object recognition using low distortion correspondences},
  year      = {2005},
  volume    = {1},
  number    = {},
  pages     = {26-33 vol. 1},
  doi       = {10.1109/CVPR.2005.320}
}
@article{titouan2020co,
  title   = {Co-optimal transport},
  author  = {Titouan, Vayer and Redko, Ievgen and Flamary, R{\'e}mi and Courty, Nicolas},
  journal = {Advances in Neural Information Processing Systems},
  volume  = {33},
  pages   = {17559--17570},
  year    = {2020}
}

@inproceedings{makkuva2020optimal,
  title        = {Optimal transport mapping via input convex neural networks},
  author       = {Makkuva, Ashok and Taghvaei, Amirhossein and Oh, Sewoong and Lee, Jason},
  booktitle    = {International Conference on Machine Learning},
  pages        = {6672--6681},
  year         = {2020},
  organization = {PMLR}
}

@article{GraphMatchingDeLaTorre,
  author  = {Zhou, Feng and De la Torre, Fernando},
  journal = {IEEE Transactions on Pattern Analysis and Machine Intelligence},
  title   = {Factorized Graph Matching},
  year    = {2016},
  volume  = {38},
  number  = {9},
  pages   = {1774-1789},
  doi     = {10.1109/TPAMI.2015.2501802}
}

@article{boyer2019representer,
  title     = {On representer theorems and convex regularization},
  author    = {Boyer, Claire and Chambolle, Antonin and Castro, Yohann De and Duval, Vincent and De Gournay, Fr{\'e}d{\'e}ric and Weiss, Pierre},
  journal   = {SIAM Journal on Optimization},
  volume    = {29},
  number    = {2},
  pages     = {1260--1281},
  year      = {2019},
  publisher = {SIAM}
}
@article{carlier2008remarks,
  title     = {Remarks on Tolandâ€™s duality, convexity constraint and optimal transport},
  author    = {Carlier, Guillaume},
  journal   = {Pacific Journal of Optimization},
  volume    = {4},
  number    = {3},
  pages     = {423--432},
  year      = {2008},
  publisher = {Citeseer}
}
@article{konno1976maximization,
  title     = {Maximization of a convex quadratic function under linear constraints},
  author    = {Konno, Hiroshi},
  journal   = {Mathematical programming},
  volume    = {11},
  number    = {1},
  pages     = {117--127},
  year      = {1976},
  publisher = {Springer}
}
@article{mccann2012glimpse,
  title   = {A glimpse into the differential topology and geometry of optimal transport},
  author  = {McCann, Robert J},
  journal = {arXiv preprint arXiv:1207.1867},
  year    = {2012}
}
@article{ahmad2011optimal,
  title     = {Optimal transportation, topology and uniqueness},
  author    = {Ahmad, Najma and Kim, Hwa Kil and McCann, Robert J},
  journal   = {Bulletin of Mathematical Sciences},
  volume    = {1},
  number    = {1},
  pages     = {13--32},
  year      = {2011},
  publisher = {Springer}
}
@inproceedings{moameni2020uniquely,
  title     = {Uniquely minimizing costs for the Kantorovitch problem},
  author    = {Moameni, Abbas and Rifford, Ludovic},
  booktitle = {Annales de la Facult{\'e} des sciences de Toulouse: Math{\'e}matiques},
  volume    = {29},
  pages     = {507--563},
  year      = {2020}
}
@article{bach2019submodular,
  title     = {Submodular functions: from discrete to continuous domains},
  author    = {Bach, Francis},
  journal   = {Mathematical Programming},
  volume    = {175},
  number    = {1},
  pages     = {419--459},
  year      = {2019},
  publisher = {Springer}
}
@article{santambrogio2015optimal,
  title     = {Optimal transport for applied mathematicians},
  author    = {Santambrogio, Filippo},
  journal   = {Birk{\"a}user, NY},
  volume    = {55},
  number    = {58-63},
  pages     = {94},
  year      = {2015},
  publisher = {Springer}
}
@book{dal2012introduction,
  title     = {An introduction to $\Gamma$-convergence},
  author    = {Dal Maso, Gianni},
  volume    = {8},
  year      = {2012},
  publisher = {Springer Science \& Business Media}
}
@article{moameni2016characterization,
  title     = {A characterization for solutions of the Monge-Kantorovich mass transport problem},
  author    = {Moameni, Abbas},
  journal   = {Mathematische Annalen},
  volume    = {365},
  number    = {3},
  pages     = {1279--1304},
  year      = {2016},
  publisher = {Springer}
}
@article{mccann2011five,
  title     = {Five lectures on optimal transportation: geometry, regularity and applications},
  author    = {McCann, Robert J and Guillen, Nestor},
  journal   = {Analysis and geometry of metric measure spaces: lecture notes of the s{\'e}minaire de Math{\'e}matiques Sup{\'e}rieure (SMS) Montr{\'e}al},
  pages     = {145--180},
  year      = {2011},
  publisher = {American Mathematical Society Providence, RI, USA}
}
@article{mccann1999exact,
  title     = {Exact solutions to the transportation problem on the line},
  author    = {McCann, Robert J},
  journal   = {Proceedings of the Royal Society of London. Series A: Mathematical, Physical and Engineering Sciences},
  volume    = {455},
  number    = {1984},
  pages     = {1341--1380},
  year      = {1999},
  publisher = {The Royal Society}
}
@article{beinert2022assignment,
  title   = {On Assignment Problems Related to Gromov-Wasserstein Distances on the Real Line},
  author  = {Beinert, Robert and Heiss, Cosmas and Steidl, Gabriele},
  journal = {arXiv preprint arXiv:2205.09006},
  year    = {2022}
}
@incollection{dellacherie1975ensembles,
  title     = {Ensembles analytiques: th{\'e}or{\`e}mes de s{\'e}paration et applications},
  author    = {Dellacherie, Claude},
  booktitle = {S{\'e}minaire de Probabilit{\'e}s IX Universit{\'e} de Strasbourg},
  pages     = {336--372},
  year      = {1975},
  publisher = {Springer}
}
@article{caravenna2009disintegration,
  title     = {The Disintegration Theorem and Applications to Optimal Mass Transportation},
  author    = {Caravenna, Laura and others},
  year      = {2009},
  publisher = {SISSA}
}
@article{granieri2013transport,
  title     = {Transport problems and disintegration maps},
  author    = {Granieri, Luca and Maddalena, Francesco},
  journal   = {ESAIM: Control, Optimisation and Calculus of Variations},
  volume    = {19},
  number    = {3},
  pages     = {888--905},
  year      = {2013},
  publisher = {EDP Sciences}
}
@article{fontbona2010measurability,
  title     = {Measurability of optimal transportation and strong coupling of martingale measures},
  author    = {Fontbona, Joaquin and Gu{\'e}rin, H{\'e}l{\`e}ne and M{\'e}l{\'e}ard, Sylvie},
  journal   = {Electronic communications in probability},
  volume    = {15},
  pages     = {124--133},
  year      = {2010},
  publisher = {Institute of Mathematical Statistics and Bernoulli Society}
}
@article{memoli2011gromov,
  title     = {Gromov--Wasserstein distances and the metric approach to object matching},
  author    = {M{\'e}moli, Facundo},
  journal   = {Foundations of computational mathematics},
  volume    = {11},
  number    = {4},
  pages     = {417--487},
  year      = {2011},
  publisher = {Springer}
}
@article{brenier1987decomposition,
  title   = {D{\'e}composition polaire et r{\'e}arrangement monotone des champs de vecteurs},
  author  = {Brenier, Yann},
  journal = {CR Acad. Sci. Paris S{\'e}r. I Math.},
  volume  = {305},
  pages   = {805--808},
  year    = {1987}
}
@incollection{pytorch,
  title     = {PyTorch: An Imperative Style, High-Performance Deep Learning Library},
  author    = {Paszke, Adam and Gross, Sam and Massa, Francisco and Lerer, Adam and Bradbury, James and Chanan, Gregory and Killeen, Trevor and Lin, Zeming and Gimelshein, Natalia and Antiga, Luca and Desmaison, Alban and Kopf, Andreas and Yang, Edward and DeVito, Zachary and Raison, Martin and Tejani, Alykhan and Chilamkurthy, Sasank and Steiner, Benoit and Fang, Lu and Bai, Junjie and Chintala, Soumith},
  booktitle = {Advances in Neural Information Processing Systems 32},
  editor    = {H. Wallach and H. Larochelle and A. Beygelzimer and F. d\textquotesingle Alch\'{e}-Buc and E. Fox and R. Garnett},
  pages     = {8024--8035},
  year      = {2019},
  publisher = {Curran Associates, Inc.},
  url       = {http://papers.neurips.cc/paper/9015-pytorch-an-imperative-style-high-performance-deep-learning-library.pdf}
}
@online{chizat2019tutorial,
  author = {Chizat, LÃ©naÃ¯c},
  title  = {Talk: Tutorial on Optimal Transport Theory},
  url    = {https://lchizat.github.io/files/presentations/chizat2019IFCAM_OT.pdf},
  year   = {2019}
}
@article{burachik2021generalized,
  title     = {Generalized Bregman envelopes and proximity operators},
  author    = {Burachik, Regina S and Dao, Minh N and Lindstrom, Scott B},
  journal   = {Journal of Optimization Theory and Applications},
  volume    = {190},
  number    = {3},
  pages     = {744--778},
  year      = {2021},
  publisher = {Springer}
}
@article{hiriart1998conditions,
  title     = {Conditions for Global Optimality 2},
  author    = {Hiriart-Urruty, Jean-Baptiste},
  journal   = {Journal of Global Optimization},
  volume    = {13},
  number    = {4},
  pages     = {349--367},
  year      = {1998},
  publisher = {Kluwer Academic Publishers Norwell, MA, USA}
}
@article{levin1999abstract,
  title     = {Abstract cyclical monotonicity and Monge solutions for the general Monge--Kantorovich problem},
  author    = {Levin, Vladimir},
  journal   = {Set-Valued Analysis},
  volume    = {7},
  number    = {1},
  pages     = {7--32},
  year      = {1999},
  publisher = {Springer}
}
@article{mccann2012rectifiability,
  title     = {Rectifiability of optimal transportation plans},
  author    = {McCann, Robert J and Pass, Brendan and Warren, Micah},
  journal   = {Canadian Journal of Mathematics},
  volume    = {64},
  number    = {4},
  pages     = {924--934},
  year      = {2012},
  publisher = {Cambridge University Press}
}
@book{ambrosio2005gradient,
  title     = {Gradient flows: in metric spaces and in the space of probability measures},
  author    = {Ambrosio, Luigi and Gigli, Nicola and Savar{\'e}, Giuseppe},
  year      = {2005},
  publisher = {Springer Science \& Business Media}
}
@article{possobon2022geometric,
  title   = {Geometric properties of disintegration of measures},
  author  = {Possobon, Renata and Rodrigues, Christian S},
  journal = {arXiv preprint arXiv:2202.04511},
  year    = {2022}
}
@article{mccann2001polar,
  title     = {Polar factorization of maps on Riemannian manifolds},
  author    = {McCann, Robert J},
  journal   = {Geometric \& Functional Analysis GAFA},
  volume    = {11},
  number    = {3},
  pages     = {589--608},
  year      = {2001},
  publisher = {Springer}
}

@article{chiron2007definitions,
  title     = {On the definitions of Sobolev and BV spaces into singular spaces and the trace problem},
  author    = {Chiron, David},
  journal   = {Communications in Contemporary Mathematics},
  volume    = {9},
  number    = {04},
  pages     = {473--513},
  year      = {2007},
  publisher = {World Scientific}
}


@article{chiappori2010hedonic,
  title     = {Hedonic price equilibria, stable matching, and optimal transport: equivalence, topology, and uniqueness},
  author    = {Chiappori, Pierre-Andr{\'e} and McCann, Robert J and Nesheim, Lars P},
  journal   = {Economic Theory},
  volume    = {42},
  number    = {2},
  pages     = {317--354},
  year      = {2010},
  publisher = {Springer}
}
@article{hestir1995supports,
  title     = {Supports of doubly stochastic measures},
  author    = {Hestir, Kevin and Williams, Stanley C},
  journal   = {Bernoulli},
  volume    = {1},
  number    = {3},
  pages     = {217--243},
  year      = {1995},
  publisher = {Bernoulli Society for Mathematical Statistics and Probability}
}
@article{monge1781memoire,
  title   = {M{\'e}moire sur la th{\'e}orie des d{\'e}blais et des remblais},
  author  = {Monge, Gaspard},
  journal = {Mem. Math. Phys. Acad. Royale Sci.},
  pages   = {666--704},
  year    = {1781}
}
@article{kantorovich1942translocation,
  title   = {On the translocation of masses},
  author  = {Kantorovich, L},
  journal = {Dokl. Akad. Nauk. USSR},
  pages   = {227--229},
  volume  = {37},
  number  = {7--8},
  year    = {1942}
}
@article{sturm2012space,
  title   = {The space of spaces: curvature bounds and gradient flows on the space of metric measure spaces},
  author  = {Sturm, Karl-Theodor},
  journal = {arXiv preprint arXiv:1208.0434},
  year    = {2012}
}
@article{koopmans1957assignment,
  title     = {Assignment problems and the location of economic activities},
  author    = {Koopmans, Tjalling C and Beckmann, Martin},
  journal   = {Econometrica: journal of the Econometric Society},
  pages     = {53--76},
  year      = {1957},
  publisher = {JSTOR}
}
@article{sejourne2021unbalanced,
  title   = {The unbalanced Gromov Wasserstein distance: Conic formulation and relaxation},
  author  = {S{\'e}journ{\'e}, Thibault and Vialard, Fran{\c{c}}ois-Xavier and Peyr{\'e}, Gabriel},
  journal = {Advances in Neural Information Processing Systems},
  volume  = {34},
  pages   = {8766--8779},
  year    = {2021}
}
@book{van2000asymptotic,
  title     = {Asymptotic statistics},
  author    = {Van der Vaart, Aad W},
  volume    = {3},
  year      = {2000},
  publisher = {Cambridge university press}
}
@article{bronstein2006generalized,
  title     = {Generalized multidimensional scaling: a framework for isometry-invariant partial surface matching},
  author    = {Bronstein, Alexander M and Bronstein, Michael M and Kimmel, Ron},
  journal   = {Proceedings of the National Academy of Sciences},
  volume    = {103},
  number    = {5},
  pages     = {1168--1172},
  year      = {2006},
  publisher = {National Acad Sciences}
}
@article{xu2019scalable,
  title   = {Scalable gromov-wasserstein learning for graph partitioning and matching},
  author  = {Xu, Hongteng and Luo, Dixin and Carin, Lawrence},
  journal = {Advances in neural information processing systems},
  volume  = {32},
  year    = {2019}
}
@inproceedings{gilmer2017neural,
  title        = {Neural message passing for quantum chemistry},
  author       = {Gilmer, Justin and Schoenholz, Samuel S and Riley, Patrick F and Vinyals, Oriol and Dahl, George E},
  booktitle    = {International conference on machine learning},
  pages        = {1263--1272},
  year         = {2017},
  organization = {PMLR}
}
@inproceedings{grave2019unsupervised,
  title        = {Unsupervised alignment of embeddings with wasserstein procrustes},
  author       = {Grave, Edouard and Joulin, Armand and Berthet, Quentin},
  booktitle    = {The 22nd International Conference on Artificial Intelligence and Statistics},
  pages        = {1880--1890},
  year         = {2019},
  organization = {PMLR}
}
@article{alvarez2018gromov,
  title   = {Gromov-Wasserstein alignment of word embedding spaces},
  author  = {Alvarez-Melis, David and Jaakkola, Tommi S},
  journal = {arXiv preprint arXiv:1809.00013},
  year    = {2018}
}
@inproceedings{haker2001optimal,
  title        = {Optimal mass transport and image registration},
  author       = {Haker, Steven and Tannenbaum, Allen},
  booktitle    = {Proceedings IEEE Workshop on Variational and Level Set Methods in Computer Vision},
  pages        = {29--36},
  year         = {2001},
  organization = {IEEE}
}
@inproceedings{rubner1998metric,
  title        = {A metric for distributions with applications to image databases},
  author       = {Rubner, Yossi and Tomasi, Carlo and Guibas, Leonidas J},
  booktitle    = {Sixth international conference on computer vision (IEEE Cat. No. 98CH36271)},
  pages        = {59--66},
  year         = {1998},
  organization = {IEEE}
}
@article{courty2017joint,
  title   = {Joint distribution optimal transportation for domain adaptation},
  author  = {Courty, Nicolas and Flamary, R{\'e}mi and Habrard, Amaury and Rakotomamonjy, Alain},
  journal = {Advances in Neural Information Processing Systems},
  volume  = {30},
  year    = {2017}
}
@article{kolouri2017optimal,
  title     = {Optimal mass transport: Signal processing and machine-learning applications},
  author    = {Kolouri, Soheil and Park, Se Rim and Thorpe, Matthew and Slepcev, Dejan and Rohde, Gustavo K},
  journal   = {IEEE signal processing magazine},
  volume    = {34},
  number    = {4},
  pages     = {43--59},
  year      = {2017},
  publisher = {IEEE}
}
@inproceedings{genevay2018learning,
  title        = {Learning generative models with sinkhorn divergences},
  author       = {Genevay, Aude and Peyr{\'e}, Gabriel and Cuturi, Marco},
  booktitle    = {International Conference on Artificial Intelligence and Statistics},
  pages        = {1608--1617},
  year         = {2018},
  organization = {PMLR}
}
@inproceedings{gordaliza2019obtaining,
  title        = {Obtaining fairness using optimal transport theory},
  author       = {Gordaliza, Paula and Del Barrio, Eustasio and Fabrice, Gamboa and Loubes, Jean-Michel},
  booktitle    = {International Conference on Machine Learning},
  pages        = {2357--2365},
  year         = {2019},
  organization = {PMLR}
}
@article{schiebinger2019optimal,
  title     = {Optimal-transport analysis of single-cell gene expression identifies developmental trajectories in reprogramming},
  author    = {Schiebinger, Geoffrey and Shu, Jian and Tabaka, Marcin and Cleary, Brian and Subramanian, Vidya and Solomon, Aryeh and Gould, Joshua and Liu, Siyan and Lin, Stacie and Berube, Peter and others},
  journal   = {Cell},
  volume    = {176},
  number    = {4},
  pages     = {928--943},
  year      = {2019},
  publisher = {Elsevier}
}
@article{frisch2002reconstruction,
  title     = {A reconstruction of the initial conditions of the universe by optimal mass transportation},
  author    = {Frisch, Uriel and Matarrese, Sabino and Mohayaee, Roya and Sobolevski, Andrei},
  journal   = {Nature},
  volume    = {417},
  number    = {6886},
  pages     = {260--262},
  year      = {2002},
  publisher = {Nature Publishing Group}
}



@article{demetci2022scot,
  title     = {SCOT: Single-Cell Multi-Omics Alignment with Optimal Transport},
  author    = {Demetci, Pinar and Santorella, Rebecca and Sandstede, Bj{\"o}rn and Noble, William Stafford and Singh, Ritambhara},
  journal   = {Journal of Computational Biology},
  volume    = {29},
  number    = {1},
  pages     = {3--18},
  year      = {2022},
  publisher = {Mary Ann Liebert, Inc., publishers 140 Huguenot Street, 3rd Floor New~â€¦}
}

@article{demetci2021unsupervised,
  title     = {Unsupervised integration of single-cell multi-omics datasets with disparities in cell-type representation},
  author    = {Demetci, Pinar and Santorella, Rebecca and Sandstede, Bj{\"o}rn and Singh, Ritambhara},
  journal   = {bioRxiv},
  year      = {2021},
  publisher = {Cold Spring Harbor Laboratory}
}
@inproceedings{demetcci2022unsupervised,
  title        = {Unsupervised Integration of Single-Cell Multi-omics Datasets with Disproportionate Cell-Type Representation},
  author       = {Demet{\c{c}}i, P{\i}nar and Santorella, Rebecca and Sandstede, Bj{\"o}rn and Singh, Ritambhara},
  booktitle    = {International Conference on Research in Computational Molecular Biology},
  pages        = {3--19},
  year         = {2022},
  organization = {Springer}
}
@article{demetci2020gromov,
  title     = {Gromov-Wasserstein optimal transport to align single-cell multi-omics data},
  author    = {Demetci, Pinar and Santorella, Rebecca and Sandstede, Bj{\"o}rn and Noble, William Stafford and Singh, Ritambhara},
  journal   = {BioRxiv},
  year      = {2020},
  publisher = {Cold Spring Harbor Laboratory}
}
@book{mccann1994convexity,
  title     = {A convexity theory for interacting gases and equilibrium crystals},
  author    = {McCann, Robert John},
  year      = {1994},
  publisher = {Princeton University}
}
@article{maggi2005balls,
  title     = {Balls have the worst best Sobolev inequalities},
  author    = {Maggi, Francesco and Villani, C{\'e}dric},
  journal   = {The Journal of Geometric Analysis},
  volume    = {15},
  number    = {1},
  pages     = {83--121},
  year      = {2005},
  publisher = {Springer}
}
@article{figalli2010mass,
  title     = {A mass transportation approach to quantitative isoperimetric inequalities},
  author    = {Figalli, Alessio and Maggi, Francesco and Pratelli, Aldo},
  journal   = {Inventiones mathematicae},
  volume    = {182},
  number    = {1},
  pages     = {167--211},
  year      = {2010},
  publisher = {Springer}
}
@article{loeper2009regularity,
  title     = {On the regularity of solutions of optimal transportation problems},
  author    = {Loeper, Gr{\'e}goire},
  journal   = {Acta mathematica},
  volume    = {202},
  number    = {2},
  pages     = {241--283},
  year      = {2009},
  publisher = {Institut Mittag-Leffler}
}
@article{lott2009ricci,
  title     = {Ricci curvature for metric-measure spaces via optimal transport},
  author    = {Lott, John and Villani, C{\'e}dric},
  journal   = {Annals of Mathematics},
  pages     = {903--991},
  year      = {2009},
  publisher = {JSTOR}
}
@article{kim2009pseudo,
  title   = {Pseudo-Riemannian geometry calibrates optimal transportation},
  author  = {Kim, Young-Heon and McCann, Robert J and Warren, Micah},
  journal = {arXiv preprint arXiv:0907.4962},
  year    = {2009}
}
@article{bernard2007optimal,
  title   = {Optimal mass transportation and Mather theory},
  author  = {Bernard, Patrick and Buffoni, Boris},
  journal = {Journal of the European Mathematical Society},
  volume  = {9},
  number  = {1},
  pages   = {85--121},
  year    = {2007}
}
@article{figalli2011multidimensional,
  title     = {When is multidimensional screening a convex program?},
  author    = {Figalli, Alessio and Kim, Young-Heon and McCann, Robert J},
  journal   = {Journal of Economic Theory},
  volume    = {146},
  number    = {2},
  pages     = {454--478},
  year      = {2011},
  publisher = {Elsevier}
}
@article{carlier2007equilibrium,
  title     = {Equilibrium structure of a bidimensional asymmetric city},
  author    = {Carlier, Guillaume and Ekeland, Ivar},
  journal   = {Nonlinear Analysis: Real World Applications},
  volume    = {8},
  number    = {3},
  pages     = {725--748},
  year      = {2007},
  publisher = {Elsevier}
}
@article{bouchitte2001characterization,
  title   = {Characterization of optimal shapes and masses through Monge-Kantorovich equation},
  author  = {Bouchitt{\'e}, Guy and Buttazzo, Giuseppe},
  journal = {Journal of the European Mathematical Society},
  volume  = {3},
  number  = {2},
  pages   = {139--168},
  year    = {2001}
}
@article{glimm2003optical,
  title     = {Optical design of single reflector systems and the Monge--Kantorovich mass transfer problem},
  author    = {Glimm, Tilmann and Oliker, Vladimir},
  journal   = {Journal of Mathematical Sciences},
  volume    = {117},
  number    = {3},
  pages     = {4096--4108},
  year      = {2003},
  publisher = {Springer}
}
@article{rachev1998r,
  title   = {L. R uschendorf. Mass Transportation Problems},
  author  = {Rachev, ST},
  journal = {Probab. Appl. Springer-Verlag, New York},
  year    = {1998}
}
@book{cullen2006mathematical,
  title     = {A mathematical theory of large-scale atmosphere/ocean flow},
  author    = {Cullen, Michael John Priestley},
  year      = {2006},
  publisher = {World Scientific}
}
@article{xia2007formation,
  title     = {The formation of a tree leaf},
  author    = {Xia, Qinglan},
  journal   = {ESAIM: Control, Optimisation and Calculus of Variations},
  volume    = {13},
  number    = {2},
  pages     = {359--377},
  year      = {2007},
  publisher = {EDP Sciences}
}
@phdthesis{louet2014problemes,
  title  = {Probl{\`e}mes de transport optimal avec p{\'e}nalisation en gradient},
  author = {Louet, Jean},
  year   = {2014},
  school = {Paris 11}
}
@phdthesis{guigui2021computational,
  title  = {Computational methods for statistical estimation on Riemannian manifolds and application to the study of the cardiac deformations},
  author = {Guigui, Nicolas},
  year   = {2021},
  school = {Universit{\'e} C{\^o}te d'Azur}
}
@book{gromov1999metric,
  title     = {Metric structures for Riemannian and non-Riemannian spaces},
  author    = {Gromov, Mikhael and Katz, Misha and Pansu, Pierre and Semmes, Stephen},
  volume    = {152},
  year      = {1999},
  publisher = {Springer}
}
@article{chowdhury2019gromov,
  title     = {The gromov--wasserstein distance between networks and stable network invariants},
  author    = {Chowdhury, Samir and M{\'e}moli, Facundo},
  journal   = {Information and Inference: A Journal of the IMA},
  volume    = {8},
  number    = {4},
  pages     = {757--787},
  year      = {2019},
  publisher = {Oxford University Press}
}
@article{maron2018probably,
  title   = {(Probably) concave graph matching},
  author  = {Maron, Haggai and Lipman, Yaron},
  journal = {Advances in Neural Information Processing Systems},
  volume  = {31},
  year    = {2018}
}
@inproceedings{blondel2020fast,
  title        = {Fast differentiable sorting and ranking},
  author       = {Blondel, Mathieu and Teboul, Olivier and Berthet, Quentin and Djolonga, Josip},
  booktitle    = {International Conference on Machine Learning},
  pages        = {950--959},
  year         = {2020},
  organization = {PMLR}
}
@article{vayer2019sliced,
  title   = {Sliced gromov-wasserstein},
  author  = {Vayer, Titouan and Flamary, R{\'e}mi and Courty, Nicolas and Tavenard, Romain and Chapel, Laetitia},
  journal = {Advances in Neural Information Processing Systems},
  volume  = {32},
  year    = {2019}
}

@inproceedings{alvarez2019towards,
  title        = {Towards optimal transport with global invariances},
  author       = {Alvarez-Melis, David and Jegelka, Stefanie and Jaakkola, Tommi S},
  booktitle    = {The 22nd International Conference on Artificial Intelligence and Statistics},
  pages        = {1870--1879},
  year         = {2019},
  organization = {PMLR}
}